<?xml version="1.0" encoding="UTF-8"?><record xmlns="http://www.loc.gov/MARC21/slim" xmlns:cinclude="http://apache.org/cocoon/include/1.0" xmlns:zs="http://www.loc.gov/zing/srw/">
  <leader>00459nz  a2200133n  4500</leader>
  <controlfield tag="001">nb2010008368</controlfield>
  <controlfield tag="003">DLC</controlfield>
  <controlfield tag="005">20100401073331.0</controlfield>
  <controlfield tag="008">100330n| acannaabn          |n aaa      </controlfield>
  <datafield tag="010" ind1=" " ind2=" ">
    <subfield code="a">nb2010008368</subfield>
  </datafield>
  <datafield tag="035" ind1=" " ind2=" ">
    <subfield code="a">(Uk)007755100</subfield>
  </datafield>
  <datafield tag="040" ind1=" " ind2=" ">
    <subfield code="a">Uk</subfield>
    <subfield code="b">eng</subfield>
    <subfield code="c">Uk</subfield>
  </datafield>
  <datafield tag="100" ind1="1" ind2=" ">
    <subfield code="a">Alonso, Mari패a Emilia</subfield>
  </datafield>
  <datafield tag="670" ind1=" " ind2=" ">
    <subfield code="a">Liaison, Schottky problem and invariant theory, c2010:</subfield>
    <subfield code="b">t.p. (Mari패a Emilia Alonso) verso (Dept. de A패lgebra, Facultad de Ciencias Matema패ticas, UCM, Madrid, Spain)</subfield>
  </datafield>
</record>